@book{davidson2014oxford,
  title={The Oxford companion to food},
  author={Davidson, Alan},
  year={2014},
  publisher={OUP Oxford}
}

@misc{maite,
  author = {Maite Azkarate},
  title = {Esferificaci√≥n: Caviar de menta con mojito granizado},
  howpublished = {\url{http://blog.gadgetscuina.com/es/recetas/granizado-de-mojito-con-caviar-de-menta/}},
  note = {Accessed: 2019-03-10}
}

@misc{travel,
  title = {Amazonas: Por la ruta del sabor},
  howpublished = {\url{https://peru.travelguia.net/gastronomia-amazonica.html}},
  note = {Accessed: 2019-03-10}
}

@misc{tipicos,
  title = {Platos t\'ipicos de la regi\'on Amaz\'onica},
  howpublished = {\url{https://comidastipicas.co/colombia/platos-tipicos-de-la-region-amazonica/#Platanos_rellenos}},
  note = {Accessed: 2019-03-10}
}

@misc{salmon,
  title = {Oven Baked Salmon},
  howpublished = {\url{https://www.africanbites.com/oven-baked-salmon/}},
  note = {Accessed: 2019-03-10}
}

@book{mills1989ecology,
  title={Ecology and management of Atlantic salmon},
  author={Mills, Derek},
  year={1989},
  publisher={Springer Science \& Business Media}
}

